<?xml version="1.0" encoding="UTF-8"?>
<collection xmlns:xsi="http://www.w3.org/2001/XMLSchema-instance" xsi:schemaLocation="http://www.loc.gov/MARC21/slim http://www.loc.gov/standards/marcxml/schema/MARC21slim.xsd" xmlns="http://www.loc.gov/MARC21/slim">
<record>
  <leader>01018cam a22002651a 4500</leader>
  <controlfield tag="001">3080909</controlfield>
  <controlfield tag="003">NNC</controlfield>
  <controlfield tag="005">20130520200921.0</controlfield>
  <controlfield tag="008">990127s1877    ir            000 0 ara d</controlfield>
  <datafield tag="035" ind1=" " ind2=" ">
    <subfield code="a">(OCoLC)ocm40688174</subfield>
  </datafield>
  <datafield tag="035" ind1=" " ind2=" ">
    <subfield code="9">ATQ6089CU</subfield>
  </datafield>
  <datafield tag="035" ind1=" " ind2=" ">
    <subfield code="a">(NNC)3080909</subfield>
  </datafield>
  <datafield tag="035" ind1=" " ind2=" ">
    <subfield code="a">3080909</subfield>
  </datafield>
  <datafield tag="040" ind1=" " ind2=" ">
    <subfield code="a">CUD</subfield>
    <subfield code="c">CUD</subfield>
    <subfield code="d">OCL</subfield>
    <subfield code="d">ZCU</subfield>
  </datafield>
  <datafield tag="099" ind1=" " ind2=" ">
    <subfield code="a">893.792</subfield>
    <subfield code="a">Ir1</subfield>
  </datafield>
  <datafield tag="100" ind1="1" ind2=" ">
    <subfield code="a">Bahāʼ al-Dīn al-Irbilī, ʻAlī ibn ʻĪsá,</subfield>
    <subfield code="d">-1292 or 1293.</subfield>
  </datafield>
  <datafield tag="240" ind1="1" ind2="0">
    <subfield code="a">Kas͡hf ʼal-g͡hummah fī maʻrifat ʼal-ʼaʼimmah</subfield>
  </datafield>
  <datafield tag="245" ind1="1" ind2="0">
    <subfield code="a">Hād︠h︡ā kitāb Kas︠h︡f ʾal-g︠h︡ummah fī maʻrifat ʾal-ʾaʾimmah /</subfield>
    <subfield code="c">Jamʻ ʾAbī ʾal-Ḥasan ʻAlī ibn ʾal-Saʻīd Fak︠h︡r ʾal-Dīn ʻĪsá ibn ʾAbī ʾal-Fatḥ ʾal-ʾIrbilī.</subfield>
  </datafield>
  <datafield tag="260" ind1=" " ind2=" ">
    <subfield code="a">[Tihrān] :</subfield>
    <subfield code="b">Dār ʾal-Ṭibāʻah Muḥammad Ḥusayn ʾal-Ṭihrānī,</subfield>
    <subfield code="c">1294 [1877]</subfield>
  </datafield>
  <datafield tag="300" ind1=" " ind2=" ">
    <subfield code="a">351 p. ;</subfield>
    <subfield code="c">35 cm.</subfield>
  </datafield>
  <datafield tag="500" ind1=" " ind2=" ">
    <subfield code="a">Title from p. 2.</subfield>
  </datafield>
  <datafield tag="500" ind1=" " ind2=" ">
    <subfield code="a">Misbound.</subfield>
  </datafield>
  <datafield tag="650" ind1=" " ind2="0">
    <subfield code="a">Shiites</subfield>
    <subfield code="v">Biography.</subfield>
  </datafield>
  <datafield tag="650" ind1=" " ind2="0">
    <subfield code="a">Imams (Shiites)</subfield>
    <subfield code="v">Biography.</subfield>
  </datafield>
  <datafield tag="955" ind1=" " ind2=" ">
    <subfield code="b">CU58898115</subfield>
    <subfield code="d">off,glx</subfield>
    <subfield code="e">893.792 Ir1</subfield>
  </datafield>
</record>
</collection>